<record><leader>00000cas a22000007a 4500</leader><controlfield tag="001">10197509</controlfield><controlfield tag="008">831207u19uuuuuucouwr ne      0   a0eng d</controlfield><datafield ind1=" " ind2=" " tag="010"><subfield code="a">sn 83005364 </subfield></datafield><datafield ind1=" " ind2=" " tag="040"><subfield code="a">NSD</subfield><subfield code="b">eng</subfield><subfield code="c">NSD</subfield><subfield code="d">CNQ</subfield><subfield code="d">OCLCQ</subfield></datafield><datafield ind1=" " ind2=" " tag="012"><subfield code="m">1</subfield></datafield><datafield ind1="1" ind2=" " tag="022"><subfield code="a">0746-6242</subfield><subfield code="l">0746-6242</subfield><subfield code="2">1</subfield></datafield><datafield ind1=" " ind2=" " tag="032"><subfield code="a">708110</subfield><subfield code="b">USPS</subfield></datafield><datafield ind1=" " ind2=" " tag="037"><subfield code="b">Windsor Beacon, Inc., 3738 Cleveland Ave., Wellington, CO 80549</subfield></datafield><datafield ind1=" " ind2=" " tag="042"><subfield code="a">msc</subfield><subfield code="a">nsdp</subfield></datafield><datafield ind1="0" ind2=" " tag="130"><subfield code="a">Wellington news (Wellington, Colo.)</subfield></datafield><datafield ind1=" " ind2="4" tag="222"><subfield code="a">The Wellington news</subfield></datafield><datafield ind1="1" ind2="4" tag="245"><subfield code="a">The Wellington news.</subfield></datafield><datafield ind1=" " ind2=" " tag="260"><subfield code="a">Wellington, Colo. :</subfield><subfield code="b">Arlene Ahlbrandt</subfield></datafield><datafield ind1=" " ind2=" " tag="310"><subfield code="a">Weekly,</subfield><subfield code="b">Sept. 29, 1983-</subfield></datafield><datafield ind1=" " ind2=" " tag="321"><subfield code="a">Semimonthly,</subfield><subfield code="b">Mar. 1, 1983-Sept. 15, 1983</subfield></datafield><datafield ind1="0" ind2=" " tag="362"><subfield code="a">Vol. 1 (Mar. 1, 1983)-</subfield></datafield><datafield ind1=" " ind2=" " tag="752"><subfield code="a">United States</subfield><subfield code="b">Colorado</subfield><subfield code="c">Larimer</subfield><subfield code="d">Wellington.</subfield></datafield><datafield ind1="0" ind2="0" tag="780"><subfield code="t">Wellington hi-lites, Inc.</subfield><subfield code="w">(DLC)sn 91052264</subfield></datafield><datafield ind1=" " ind2=" " tag="936"><subfield code="a">Nov. 10, 1983</subfield></datafield><datafield ind1="1" ind2=" " tag="029"><subfield code="a">AU@</subfield><subfield code="b">000025783711</subfield></datafield></record>